<?xml version="1.0" encoding="UTF-8"?><record xmlns="http://www.loc.gov/MARC21/slim" xmlns:cinclude="http://apache.org/cocoon/include/1.0" xmlns:zs="http://www.loc.gov/zing/srw/">
  <leader>00830cz  a2200145n  4500</leader>
  <controlfield tag="001">no 92030780 </controlfield>
  <controlfield tag="003">DLC</controlfield>
  <controlfield tag="005">19950324055151.0</controlfield>
  <controlfield tag="008">921202n| acannaab|          |a ana      </controlfield>
  <datafield tag="010" ind1=" " ind2=" ">
    <subfield code="a">no 92030780 </subfield>
  </datafield>
  <datafield tag="035" ind1=" " ind2=" ">
    <subfield code="a">(OCoLC)oca03282105 </subfield>
  </datafield>
  <datafield tag="040" ind1=" " ind2=" ">
    <subfield code="a">DLC-S</subfield>
    <subfield code="c">DLC-S</subfield>
    <subfield code="d">ICRL</subfield>
  </datafield>
  <datafield tag="110" ind1="2" ind2="0">
    <subfield code="a">Uralʹskiĭ nauchno-issledovatelʹskiĭ institut kompleksnogo ispolʹzovanii︠a︡ i okhrany vodnykh resursov</subfield>
  </datafield>
  <datafield tag="410" ind1="1" ind2="0">
    <subfield code="a">Russian S.F.S.R.</subfield>
    <subfield code="b">Ministerstvo meliorat︠s︡ii i vodnogo khozi︠a︡ĭstva.</subfield>
    <subfield code="b">Uralʹskiĭ nauchno-issledovatelʹskiĭ institut kompleksnogo ispolʹzovanii︠a︡ i okhrany vodnykh resursov)</subfield>
  </datafield>
  <datafield tag="670" ind1=" " ind2=" ">
    <subfield code="a">Gidrokhimii︠a︡ Urala, 2 (1992):</subfield>
    <subfield code="b">t.p. (Ministerstvo meliorat︠s︡ii i vodnogo khozi︠a︡ĭstva RSFSR, Uralʹskiĭ nauchno-issledovatelʹskiĭ institut kompleksnogo ispolʹzovanii︠a︡ i okhrany vodnykh resursov)</subfield>
  </datafield>
</record>